%% This BibTeX bibliography file was created using BibDesk.
%% http://bibdesk.sourceforge.net/


%% Created for ab55 at 2015-03-02 23:33:37 -0600 


%% Saved with string encoding Unicode (UTF-8) 


@comment{jabref-meta: selector_publisher:}
@comment{jabref-meta: selector_author:}
@comment{jabref-meta: selector_journal:}
@comment{jabref-meta: selector_keywords:}

@inproceedings{fine2013eliciting,
  title={Eliciting collective behaviors through automatically generated environments},
  author={Fine, Benjamin T and Shell, Dylan A},
  booktitle={Intelligent Robots and Systems (IROS), 2013 IEEE/RSJ International Conference on},
  pages={3303--3308},
  year={2013},
  organization={IEEE}
}


@inproceedings{becker2013reconfiguring,
  title={Reconfiguring massive particle swarms with limited, global control},
  author={Becker, Aaron and Demaine, Erik D and Fekete, S{\'a}ndor P and Habibi, Golnaz and McLurkin, James},
  booktitle={International Symposium on Algorithms and Experiments for Sensor Systems, Wireless Networks and Distributed Robotics},
  pages={51--66},
  year={2013},
  organization={Springer}
}


@inproceedings{pierson2015bio,
  title={Bio-inspired non-cooperative multi-robot herding},
  author={Pierson, Alyssa and Schwager, Mac},
  booktitle={Robotics and Automation (ICRA), 2015 IEEE International Conference on},
  pages={1843--1849},
  year={2015},
  organization={IEEE}
}

@article{bobadilla2011controlling,
  title={Controlling wild bodies using discrete transition systems},
  author={Bobadilla, Leonardo and Sanchez, Oscar and Czarnowski, Justin and Gossman, Katrina and LaValle, Steven M},
  journal={Advanced Robots},
  year={2011}
}

@article{de2014three,
  title={Three-dimensional remote aggregation and steering of magnetotactic bacteria microrobots for drug delivery applications},
  author={De Lanauze, Dominic and Felfoul, Ouajdi and Turcot, Jean-Philippe and Mohammadi, Mahmood and Martel, Sylvain},
  journal={The International Journal of Robotics Research},
  volume={33},
  number={3},
  pages={359--374},
  year={2014},
  publisher={SAGE Publications Sage UK: London, England}
}
@inproceedings{martel2010using,
  title={Using a swarm of self-propelled natural microrobots in the form of flagellated bacteria to perform complex micro-assembly tasks},
  author={Martel, Sylvain and Mohammadi, Mahmood},
  booktitle={Robotics and Automation (ICRA), 2010 IEEE International Conference on},
  pages={500--505},
  year={2010},
  organization={IEEE}
}


@inproceedings{khalil2013microassembly,
  title={Microassembly using a cluster of paramagnetic microparticles},
  author={Khalil, Islam SM and van den Brink, Frank and Sukas, Ozlem Sardan and Misra, Sarthak},
  booktitle={Robotics and Automation (ICRA), 2013 IEEE International Conference on},
  pages={5527--5532},
  year={2013},
  organization={IEEE}
}

@inproceedings{kim2013swarm,
  title={Swarm control of cell-based microrobots using a single global magnetic field},
  author={Kim, Paul Seung Soo and Becker, Aaron and Ou, Yan and Julius, Anak Agung and Kim, Min Jun},
  booktitle={Ubiquitous Robots and Ambient Intelligence (URAI), 2013 10th International Conference on},
  pages={21--26},
  year={2013},
  organization={IEEE}
}


@article{cheang2015self,
  title={Self-assembly of robotic micro-and nanoswimmers using magnetic nanoparticles},
  author={Cheang, U Kei and Kim, Min Jun},
  journal={Journal of Nanoparticle Research},
  volume={17},
  number={3},
  pages={145},
  year={2015},
  publisher={Springer}
}

@article{wong2016independent,
  title={Independent control of identical magnetic robots in a plane},
  author={Wong, Denise and Steager, Edward B and Kumar, Vijay},
  journal={IEEE Robotics and Automation Letters},
  volume={1},
  number={1},
  pages={554--561},
  year={2016},
  publisher={IEEE}
}

@inproceedings{kim2011real,
  title={Real-time feedback control using artificial magnetotaxis with rapidly-exploring random tree (RRT) for Tetrahymena pyriformis as a microbiorobot},
  author={Kim, Dal Hyung and Brigandi, Sean and Julius, Anak Agung and Kim, Min Jun},
  booktitle={Robotics and Automation (ICRA), 2011 IEEE International Conference on},
  pages={3183--3188},
  year={2011},
  organization={IEEE}
}

@inproceedings{khalil2013control,
  title={Control of magnetotactic bacterium in a micro-fabricated maze},
  author={Khalil, Islam SM and Pichel, Marc P and Reefman, Bart A and Sukas, Ozlem Sardan and Abelmann, Leon and Misra, Sarthak},
  booktitle={Robotics and Automation (ICRA), 2013 IEEE International Conference on},
  pages={5508--5513},
  year={2013},
  organization={IEEE}
}

@inproceedings{mahadev2016collecting,
  title={Collecting a swarm in a grid environment using shared, global inputs},
  author={Mahadev, Arun V and Krupke, Dominik and Reinhardt, Jan-Marc and Fekete, S{\'a}ndor P and Becker, Aaron T},
  booktitle={Automation Science and Engineering (CASE), 2016 IEEE International Conference on},
  pages={1231--1236},
  year={2016},
  organization={IEEE}
}

@inproceedings{becker2014particle,
  title={Particle computation: Designing worlds to control robot swarms with only global signals},
  author={Becker, Aaron and Demaine, Erik D and Fekete, S{\'a}ndor P and McLurkin, James},
  booktitle={2014 IEEE International Conference on Robotics and Automation (ICRA)},
  pages={6751--6756},
  year={2014},
  organization={IEEE}
}

@inproceedings{scheggi2016experimental,
  title={An experimental comparison of path planning techniques applied to micro-sized magnetic agents},
  author={Scheggi, Stefano and Misra, Sarthak},
  booktitle={Manipulation, Automation and Robotics at Small Scales (MARSS), International Conference on},
  pages={1--6},
  year={2016},
  organization={IEEE}
}

@article{tiwari2012drug,
  title={Drug delivery systems: An updated review},
  author={Tiwari, Gaurav and Tiwari, Ruchi and Sriwastawa, Birendra and Bhati, L and Pandey, S and Pandey, P and Bannerjee, Saurabh K and others},
  journal={International journal of pharmaceutical investigation},
  volume={2},
  number={1},
  pages={2},
  year={2012},
  publisher={Medknow Publications}
}

@inproceedings{becker2013massive,
  title={Massive uniform manipulation: Controlling large populations of simple robots with a common input signal},
  author={Becker, Aaron and Habibi, Golnaz and Werfel, Justin and Rubenstein, Michael and McLurkin, James},
  booktitle={2013 IEEE/RSJ International Conference on Intelligent Robots and Systems},
  pages={520--527},
  year={2013},
  organization={IEEE}
}

@article{kei2014multiple,
  title={Multiple-robot drug delivery strategy through coordinated teams of microswimmers},
  author={Kei Cheang, U and Lee, Kyoungwoo and Julius, Anak Agung and Kim, Min Jun},
  journal={Applied physics letters},
  volume={105},
  number={8},
  pages={083705},
  year={2014},
  publisher={AIP Publishing}
}

@article{kavraki1998probabilistic,
  title={Probabilistic roadmaps for robot path planning},
  author={Kavraki, Lydia E and Latombe, Jean-Claude},
  year={1998},
  publisher={Citeseer}
}

@article{lavalle1998rapidly,
  title={Rapidly-exploring random trees: A new tool for path planning},
  author={LaValle, Steven M},
  year={1998},
  publisher={Citeseer}
}



@inproceedings{zhang2008efficient,
  title={An efficient retraction-based RRT planner},
  author={Zhang, Liangjun and Manocha, Dinesh},
  booktitle={Robotics and Automation, 2008. ICRA 2008. IEEE International Conference on},
  pages={3743--3750},
  year={2008},
  organization={IEEE}
}

@inproceedings{tang2006obstacle,
  title={An obstacle-based rapidly-exploring random tree},
  author={Tang, Xinyu and Lien, Jyh-Ming and Amato, NM and others},
  booktitle={Proceedings 2006 IEEE International Conference on Robotics and Automation, 2006. ICRA 2006.},
  pages={895--900},
  year={2006},
  organization={IEEE}
}
